@article{Mehta_2019,
	doi = {10.1016/j.physrep.2019.03.001},
	url = {https://doi.org/10.1016%2Fj.physrep.2019.03.001},
	year = 2019,
	month = {5},
	publisher = {Elsevier {BV}},
	volume = {810},
	pages = {1--124},
	author = {Pankaj Mehta and Marin Bukov and Ching-Hao Wang and Alexandre G.R. Day and Clint Richardson and Charles K. Fisher and David J. Schwab},
	title = {A high-bias, low-variance introduction to Machine Learning for physicists},
	journal = {Physics Reports}
}

@inproceedings{Chen_2016,
	doi = {10.1145/2939672.2939785},
	url = {https://doi.org/10.1145%2F2939672.2939785},
	year = 2016,
	month = {8},
	publisher = {{ACM}},
	author = {Tianqi Chen and Carlos Guestrin},
	title = {{XGBoost}},
	booktitle = {Proceedings of the 22nd {ACM} {SIGKDD} International Conference on Knowledge Discovery and Data Mining}
}

@online{xgboost,
    title = {Introdution to Boosted Trees},
    url  = {https://xgboost.readthedocs.io/en/stable/tutorials/model.html},
    urldate = {2022-01-28},
    keywords = {xgboost}
}

@book{PatternClassification,
  title={Pattern Classification},
  author={Duda, R.O. and Hart, P.E. and Stork, D.G.},
  isbn={9788126511167},
  url={https://books.google.com.cy/books?id=NR-SzW2t7WYC},
  year={2006},
  publisher={Wiley}
}

@book{gParticles,
  title={Introduction to Elementary Particles},
  author={Griffiths, D.},
  isbn={9783527618477},
  series={Physics textbook},
  url={https://books.google.com.cy/books?id=Wb9DYrjcoKAC},
  year={2008},
  publisher={Wiley}
}